34100000      080205946982000122          000191495 00663 000000001540 2REDE DE CONVENIOS DO BRASIL   BANCO ITAU S/A                          22211201222095600020808006250                                                                     
34100011C9803080 205946982000122                    00663 000000001540 2REDE DE CONVENIOS DO BRASIL                                           RUA GETULIO VARGAS            03646               PORTO VELHO         76000000RO                  
3410001300001A00000000100102 000000041210 4R C DE M ALMEIDA              1                   22112012BRL000000000000000000000000026235218943371000018     22112012000000000026235                    83646609439442000103            0BD        
34100015         000003000000000000026235000000000000000000                                                                                                                                                                                     
34199999         000001000005000000                                                                                                                                                                                                             
