75600000         205813794000126                    04444 0000000066666 BIELSYSTEMS TECNOLOGIA LTDA - BANCO COOPERATIVO DO BRASIL S/          12303201422171600000108100000                                                                     
75600011R01  040 2005813794000126                    04444 0000000066666 BIELSYSTEMS TECNOLOGIA LTDA -                                                                                 000000012410201300000000                                 
7560001300001P 0104444 0000000066666 000000601801014     10 221              3110201300000000000020000000 02N24102013100000000000000000000100125102013000000000000020000000000000120000000000000110                         1000   090000000000 
7560001300002Q 011000001023478129KKKKKKK BBBBBBB AAAAAAA                 RUA RRRRRO, C 1, QD 5, TT 2             AAA III        77777777Cidade         MT1000001023478129KKKKKKK BBBBBBB AAAAAAA                 000                            
7560001300003R 01129102013000000000000010000000000000000000000000100000000000000000000101          FATURA COBREGRATIS.COM.BR                                                                           0000000000000000 000000000000  0         
7560001300004S 013COBRAR MULTA R$ 1,01 APOS  3  DIAS      NÃO RECEBER APÓS 30 DIAS                                                                                                                                                              
75600015         00000600000100000000000000200000000000000000000000000000000000000000000000000000000000000000000000        -70f40922b2752f6bbfb2acae49bf2a9df68bf7de                                                                            
75699999         000001000008000000                                                                                                                                                                                                             
